@report{RobertKoch-Institut20200120,
url = {https://www.rki.de/DE/Content/InfAZ/N/Neuartiges_Coronavirus/Situationsberichte/Gesamt.html},
date = {2020-01-20},
title = {Aktueller Lage-/Situationsbericht des RKI zu COVID-19},
author = {{Robert Koch-Institut}},
institution = {Robert Koch-Institut}
}